@article{finn1996atm,
  title={ATM LAN emulation},
  author={Finn, Norman and Mason, Tony},
  journal={IEEE Communications Magazine},
  volume={34},
  number={6},
  pages={96--100},
  year={1996},
  publisher={IEEE}
}

@book{nagar2006windows,
  title={Windows NT file system internals (OSR classic reprints)},
  author={Nagar, Rajeev and Mason, Tony},
  year={2006},
  publisher={Osr Press}
}

@misc{mason2013managing,
  title={Managing access to a resource},
  author={Mason, W Anthony and Viscarola, Peter G and Cariddi, Mark J and Noone, Scott J},
  year={2013},
  month=sep # "~17",
  note={US Patent 8,539,228}
}

@book{viscarola1998windows,
  title={Windows NT device driver development},
  author={Viscarola, Peter and Mason, W Anthony},
  year={1998},
  publisher={New Riders Publishing}
}

@misc{mason2010managing,
  title={Managing lock rankings},
  author={Mason, W Anthony and Viscarola, Peter G and Cariddi, Mark J and Noone, Scott J},
  year={2010},
  month=oct # "~5",
  note={US Patent 7,809,897}
}

@misc{mason2011managing,
  title={Managing application resources},
  author={Mason, W Anthony and Viscarola, Peter G and Cariddi, Mark J and Noone, Scott J},
  year={2011},
  month=sep # "~20",
  note={US Patent 8,024,433}
}

@misc{mason2009managing,
  title={Managing lock rankings},
  author={Mason, W Anthony and Viscarola, Peter G and Cariddi, Mark J and Noone, Scott J},
  year={2009},
  month=mar # "~31",
  note={US Patent 7,512,748}
}

@misc{mason2011log,
  title={Log-structured host data storage},
  author={Mason, W Anthony and Viscarola, Peter G},
  year={2011},
  month=may # "~24",
  note={US Patent 7,949,693}
}

@misc{mason2010methods,
  title={Methods and systems for data storage},
  author={Mason, W Anthony and Widdowson, Roderick David Wolfe},
  year={2010},
  month=aug # "~26",
  note={US Patent App. 12/658,209}
}

@misc{mason2015systems,
  title={Systems and methods for arbitrary data transformations},
  author={Mason, W Anthony and Viscarola, Peter G and Cariddi, Mark J and Noone, Scott J},
  year={2015},
  month=mar # "~24",
  note={US Patent 8,990,228}
}

@misc{mason2017methods,
  title={Methods and systems for data storage},
  author={Mason, W Anthony},
  year={2017},
  month=nov # "~28",
  note={US Patent 9,830,329}
}

@misc{mason2013methods,
  title={Methods and systems for remote data storage utilizing content addresses},
  author={Mason, W Anthony and Widdowson, Roderick David Wolfe},
  year={2013},
  month=feb # "~21",
  note={US Patent App. 13/608,852}
}

@misc{mason2017work,
  title={Work queue thread balancing},
  author={Mason, W Anthony},
  year={2017},
  month=jan # "~3",
  note={US Patent 9,535,759}
}

@inproceedings{kazar1990decorum,
  title={DEcorum File System Architectural Overview.},
  author={Kazar, Michael L and Leverett, Bruce W and Anderson, Owen T and Apostolides, Vasilis and Bottos, Beth A and Chutani, Sailesh and Everhart, Craig and Mason, W Anthony and Tu, Shu-Tsui and Zayas, Edward R},
  booktitle={USENIX Summer},
  volume={90},
  pages={151--163},
  year={1990}
}

@inproceedings{chutani1992episode,
  title={The Episode file system},
  author={Chutani, Sailesh and Anderson, Owen T and Kazar, Michael L and Leverett, Bruce W and Mason, W Anthony and Sidebotham, Robert N and others},
  booktitle={Proceedings of the USENIX Winter 1992 Technical Conference},
  pages={43--60},
  year={1992},
  organization={San Fransisco, CA, USA}
}

@misc{mason2014file,
  title={File system directory attribute correction},
  author={Mason, W Anthony and Noone, Scott J and Widdowson, Roderick David Wolfe},
  year={2014},
  month=dec # "~2",
  note={US Patent 8,903,874}
}

@misc{mason2013systems,
  title={Systems and methods for arbitrary data transformations},
  author={Mason, W Anthony and Viscarola, Peter G and Cariddi, Mark J and Noone, Scott J},
  year={2013},
  month=aug # "~27",
  note={US Patent 8,521,752}
}

@inproceedings{mason2019collaboration,
  title={Collaboration Versus Cheating: Reducing Code Plagiarism in an Online MS Computer Science Program},
  author={Mason, Tony and Gavrilovska, Ada and Joyner, David A},
  booktitle={Proceedings of the 50th ACM Technical Symposium on Computer Science Education},
  pages={1004--1010},
  year={2019},
  organization={ACM}
}

@book{levine1992lex,
  title={Lex \& yacc},
  author={Levine, John R and Levine, John R and Mason, Tony and Brown, Doug},
  year={1992},
  publisher={" O'Reilly Media, Inc."}
}